<?xml version='1.0' encoding='UTF-8'?>
<record xmlns="http://www.loc.gov/MARC21/slim">
  <leader>00868cam a22002415  4500</leader>
  <controlfield tag="001">2834294</controlfield>
  <controlfield tag="003">NjP</controlfield>
  <controlfield tag="005">20171019170302.0</controlfield>
  <controlfield tag="008">991130s1946    ua b          000 0 ara d</controlfield>
  <datafield tag="024" ind1="7" ind2=" ">
    <subfield code="a">princeton_aco002369</subfield>
    <subfield code="2">local</subfield>
  </datafield>
  <datafield ind1=" " ind2=" " tag="035">
    <subfield code="a">(OCoLC)ocm42898895</subfield>
  </datafield>
  <datafield ind1=" " ind2=" " tag="035">
    <subfield code="9">CNR6662TS</subfield>
  </datafield>
  <datafield ind1=" " ind2=" " tag="040">
    <subfield code="a">PUL</subfield>
    <subfield code="c">PUL</subfield>
  </datafield>
  <datafield ind1="1" ind2=" " tag="041">
    <subfield code="a">ara</subfield>
    <subfield code="h">eng</subfield>
  </datafield>
  <datafield ind1="1" ind2=" " tag="100">
    <subfield code="a">Fisher, H. A. L.</subfield>
    <subfield code="q">(Herbert Albert Laurens),</subfield>
    <subfield code="d">1865-1940.</subfield>
    <subfield code="0">http://id.loc.gov/authorities/names/n50005295</subfield>
  </datafield>
  <datafield ind1="0" ind2="0" tag="245">
    <subfield code="a">Taʾrīkh Ūrubba fi al-ʻasr al-ḥadīth ...</subfield>
  </datafield>
  <datafield ind1=" " ind2=" " tag="260">
    <subfield code="a">[Cairo,</subfield>
    <subfield code="c">1946]</subfield>
  </datafield>
  <datafield ind1=" " ind2=" " tag="300">
    <subfield code="a">669 p.</subfield>
    <subfield code="b">maps.</subfield>
    <subfield code="c">25 cm.</subfield>
  </datafield>
  <datafield ind1=" " ind2=" " tag="546">
    <subfield code="a">Title and text in Arabic.</subfield>
  </datafield>
  <datafield ind1=" " ind2=" " tag="500">
    <subfield code="a">Translation of his A history of Europe, by Aḥmad Najīb Hāshim and Wadīʻ al-Ḍabʻ.</subfield>
  </datafield>
  <datafield ind1="1" ind2=" " tag="700">
    <subfield code="a">Hāshim, Ahmad Najīb,</subfield>
    <subfield code="e">tr.</subfield>
  </datafield>
  <datafield ind1="1" ind2=" " tag="700">
    <subfield code="a">Ḍabʻ, Wadīʻ,</subfield>
    <subfield code="e">tr.</subfield>
  </datafield>
  <datafield ind1=" " ind2=" " tag="945">
    <subfield code="a">F</subfield>
    <subfield code="b">1</subfield>
    <subfield code="c">2269.37.389</subfield>
  </datafield>
  <datafield ind1=" " ind2=" " tag="911">
    <subfield code="a">20000220</subfield>
  </datafield>
  <datafield ind1="0" ind2="0" tag="852">
    <subfield code="0">3146740</subfield>
    <subfield code="b">nec</subfield>
    <subfield code="t">1</subfield>
    <subfield code="h">D102</subfield>
    <subfield code="i">.F574124 1946</subfield>
  </datafield>
  <datafield ind1=" " ind2=" " tag="959">
    <subfield code="a">2008-07-28 10:49:09 -0400</subfield>
  </datafield>
</record>
